@misc{nasa2014srtm1sdem,
  author={{NASA LP DAAC}},
  title={SRTM 1 Arc-Second Global},
  year={2000},
  address={NASA EOSDIS Land Processes DAAC, USGS Earth Resources Observation and Science (EROS) Center, Sioux Falls, South Dakota},
  howpublished={\url{https://earthexplorer.usgs.gov/}},
  note={published September 2014, accessed May 2016}
}
@article{bishop1995drainage,
  title={Drainage rearrangement by river capture, beheading and diversion},
  author={Bishop, Paul},
  journal={Progress in physical geography},
  volume={19},
  number={4},
  pages={449--473},
  year={1995},
  publisher={Sage Publications Sage CA: Thousand Oaks, CA}
}
@article{sun2007fast,
  title={Fast and effective feature-preserving mesh denoising},
  author={Sun, Xianfang and Rosin, Paul and Martin, Ralph and Langbein, Frank},
  journal={IEEE Transactions on Visualization \& Computer Graphics},
  number={5},
  pages={925--938},
  year={2007},
  publisher={IEEE}
  
}@article{van2010biodiversidad,
  title={Biodiversidad de las plantas vasculares},
  author={Van Devender, THOMAS R and Felger, RICHARD S and Fishbein, MARK and Molina-Freaner, FRANCISCO E and S{\'a}nchez-Escalante, J JES{\'U}S and Reina-Guerrero, AL and others},
  journal={Diversidad biol{\'o}gica de Sonora. Universidad Nacional Aut{\'o}noma de M{\'e}xico. M{\'e}xico, DF, M{\'e}xico},
  pages={229--261},
  year={2010}
  
  @article{clement2009morphological,
  title={Morphological evolution in the mulberry family (Moraceae)},
  author={Clement, Wendy L and Weiblen, George D},
  journal={Systematic Botany},
  volume={34},
  number={3},
  pages={530--552},
  year={2009},
  publisher={American Society of Plant Taxonomists}